<record><leader>00000cas a2200000 a 4500</leader><controlfield tag="001">49661648</controlfield><controlfield tag="008">020424d196u1964orumx n       0    0eng c</controlfield><datafield ind1=" " ind2=" " tag="010"><subfield code="a">  2002260222</subfield></datafield><datafield ind1=" " ind2=" " tag="040"><subfield code="a">ORU</subfield><subfield code="b">eng</subfield><subfield code="c">ORU</subfield><subfield code="d">OCLCQ</subfield><subfield code="d">OCLCF</subfield><subfield code="d">OCLCO</subfield></datafield><datafield ind1="1" ind2=" " tag="029"><subfield code="a">AU@</subfield><subfield code="b">000023522251</subfield></datafield><datafield ind1=" " ind2=" " tag="042"><subfield code="a">pcc</subfield></datafield><datafield ind1=" " ind2=" " tag="043"><subfield code="a">n-us-or</subfield></datafield><datafield ind1="0" ind2=" " tag="130"><subfield code="a">Cannon report (Cannon Beach, Or.)</subfield></datafield><datafield ind1="1" ind2="4" tag="245"><subfield code="a">The Cannon report.</subfield></datafield><datafield ind1=" " ind2=" " tag="260"><subfield code="a">Cannon Beach, Or. :</subfield><subfield code="b">F. Lackaff,</subfield><subfield code="c">-1964.</subfield></datafield><datafield ind1=" " ind2=" " tag="300"><subfield code="a">v. ;</subfield><subfield code="c">22-36 cm.</subfield></datafield><datafield ind1=" " ind2=" " tag="310"><subfield code="a">Monthly (semimonthly, June-Aug.)</subfield></datafield><datafield ind1="0" ind2=" " tag="362"><subfield code="a">-v. 3, no. 12 (Dec. 18, 1964).</subfield></datafield><datafield ind1=" " ind2=" " tag="588"><subfield code="a">Description based on: Vol. 2, no. 1 (July 4, 1963).</subfield></datafield><datafield ind1=" " ind2="0" tag="651"><subfield code="a">Cannon Beach (Or.)</subfield><subfield code="v">Newspapers.</subfield></datafield><datafield ind1=" " ind2="0" tag="651"><subfield code="a">Arch Cape (Or.)</subfield><subfield code="v">Newspapers.</subfield></datafield><datafield ind1=" " ind2="0" tag="651"><subfield code="a">Tolovana Park (Or.)</subfield><subfield code="v">Newspapers.</subfield></datafield><datafield ind1=" " ind2="7" tag="655"><subfield code="a">Newspapers.</subfield><subfield code="2">fast</subfield><subfield code="0">(OCoLC)fst01423814</subfield></datafield><datafield ind1=" " ind2="7" tag="651"><subfield code="a">Oregon</subfield><subfield code="z">Arch Cape.</subfield><subfield code="2">fast</subfield><subfield code="0">(OCoLC)fst01268112</subfield></datafield><datafield ind1=" " ind2="7" tag="651"><subfield code="a">Oregon</subfield><subfield code="z">Cannon Beach.</subfield><subfield code="2">fast</subfield><subfield code="0">(OCoLC)fst01221455</subfield></datafield><datafield ind1=" " ind2="7" tag="651"><subfield code="a">Oregon</subfield><subfield code="z">Tolovana Park.</subfield><subfield code="2">fast</subfield><subfield code="0">(OCoLC)fst01297016</subfield></datafield><datafield ind1=" " ind2=" " tag="752"><subfield code="a">United States</subfield><subfield code="b">Oregon</subfield><subfield code="c">Clatsop</subfield><subfield code="d">Cannon Beach.</subfield></datafield><datafield ind1="0" ind2="0" tag="785"><subfield code="t">Cannon (Cannon Beach, Or. : 1965)</subfield><subfield code="w">(DLC)  2002260221</subfield><subfield code="w">(OCoLC)49661650</subfield></datafield></record>